
@article{criminisi2004region,
  author={Criminisi, Antonio and P{\'e}rez, Patrick and Toyama, Kentaro},
  title={Region filling and object removal by exemplar-based image inpainting},
  journal={IEEE Transactions on image processing},
  volume={13},
  number={9},
  pages={1200--1212},
  year={2004},
  publisher={IEEE}
}